
@article{Hicks_2,
	Author = {{Hicks}, D.~A. and {Ise}, J. and {Pyle}, R.~V.},
	Date-Added = {2017-07-28 15:48:29 +0000},
	Date-Modified = {2017-07-28 16:13:13 +0000},
	Journal = {Physical Review},
	Number = {3},
	Pages = {1016},
	Title = {Probabilities of Prompt Neutron Emission from Spontaneous Fission},
	Volume = 101,
	Year = 1955}

@article{Oberstedt,
  title = {Impact of low-energy photons on the characteristics of prompt fission $\ensuremath{\gamma}$-ray spectra},
  author = {Oberstedt, A. and Billnert, R. and Hambsch, F.-J. and Oberstedt, S.},
  journal = {Phys. Rev. C},
  volume = {92},
  issue = {1},
  pages = {014618},
  numpages = {5},
  year = {2015},
  month = {Jul},
  publisher = {American Physical Society},
  doi = {10.1103/PhysRevC.92.014618},
  url = {https://link.aps.org/doi/10.1103/PhysRevC.92.014618}
}


@article{Santi_Miller,
	Author = {{Miller}, P. and {Miller}, M.},
	Journal = {Nuclear Science and Engineering},
	Pages = {190-199},
	Title = {Reevaluation of Prompt Neutron Emission Multiplicity Distributions for Spontaneous Fission},
	Volume = 160,
	Year = 2008}

@article{Hambsch,
	Author = {Oberstedt, S. and Hambsch, F.-J.},
	Date-Modified = {2017-07-28 16:22:31 +0000},
	Journal = {Nucl. Phys. A},
	Pages = {347-355},
	Title = {Inverstigation of the far asymmetric region in 252Cf(sf)},
	Volume = {617},
	Year = 1997}

@article{Shengyao,
	Author = {Shengyao, D. and Jincheng, X. and Zuhua, L and Qixin, Z and Shaoming, L},
	Journal = {Chinese Physics},
	Pages = {678},
	Title = {Research of Prompt Neutron from 252Cf Spontaneous Fission Fragment},
	Volume = {4},
	Year = 1984}

@article{Shengyao_2,
	Author = {Shengyao, D. and Jincheng, X. and Zuhua, L and Qixin, Z and Shaoming, L},
	Journal = {Chinese Physics},
	Pages = {678},
	Title = {Research of Prompt Neutron from 252Cf Spontaneous Fission Fragment},
	Volume = {5},
	Year = 1985}

@article{Chyzh,
	Author = {Chyzh, A. and Wu, C. Y. and Kwan, E. and Henderson, R. A. and Gostic, J. M. and Bredeweg, T. A. and Haight, R. C. and Hayes-Sterbenz, A. C. and Jandel, M. and O'Donnell, J. M. and Ullmann, J. L.},
	Date-Modified = {2017-07-30 12:33:01 +0000},
	Doi = {10.1103/PhysRevC.85.021601},
	Issue = {2},
	Journal = {Phys. Rev. C},
	Month = {Feb},
	Numpages = {5},
	Pages = {021601},
	Publisher = {American Physical Society},
	Title = {Evidence for the stochastic aspect of prompt $\ensuremath{\gamma}$ emission in spontaneous fission},
	Url = {https://link.aps.org/doi/10.1103/PhysRevC.85.021601},
	Volume = {85},
	Year = {2012},
	Bdsk-Url-1 = {https://link.aps.org/doi/10.1103/PhysRevC.85.021601},
	Bdsk-Url-2 = {http://dx.doi.org/10.1103/PhysRevC.85.021601}}

@article{Bowman,
	Author = {Bowman, H.R. and Milton, J.C.D. and Thompson, S.G. and Swiatecki, W.J.},
	Date-Modified = {2017-07-28 15:59:23 +0000},
	Journal = {Physical Review},
	Pages = {2120},
	Title = {Velocity and Angular Distributions of Prompt Neutrons from Spontaneous Fission of Cf252},
	Url = {http://publish.aps.org/abstract/PR/v126/p2120},
	Volume = {126},
	Year = 1962,
	Bdsk-Url-1 = {http://publish.aps.org/abstract/PR/v126/p2120}}

@article{Bowman_2,
	Author = {Bowman, H.R. and Milton, J.C.D. and Thompson, S.G. and Swiatecki, W.J.},
	Date-Modified = {2017-07-28 15:59:18 +0000},
	Journal = {Physical Review},
	Pages = {2133},
	Title = {Further Studies of the Prompt Neutrons from Spontaneous Fission of Cf252},
	Url = {http://publish.aps.org/abstract/PR/v129/p2133},
	Volume = {129},
	Year = 1963,
	Bdsk-Url-1 = {http://publish.aps.org/abstract/PR/v129/p2133}}

@article{Budtz-Jorgensen,
	Author = {Budtz-Jorgensen, C. and Knitter, H.-H.},
	Journal = {Nucl. Phys. A},
	Pages = {307},
	Title = {Simultaneous Investigation of Fission Fragments and Neutrons in Cf 252(SF)},
	Volume = {490},
	Year = 1988}

@article{Vorobyev,
	Author = {Dushin, V.N. and Hambsch, F.-J. And Jakovlev, V.A. and Kalinin, V.A. and Kraev, I.S. and Laptev, A.B. and Nikolaev, D.V. and Petrov, B.F. and Petrov, G.A. and Petrova, V.I. and Plea, Y.S. and Shcherbakov, O.A. and Shpakov, V.I. and Sokolov, V.E. and Vorobyev, A.S. and Zavarukhina, T.A.},
	Date-Modified = {2017-06-27 18:59:13 +0000},
	Journal = {Nuclear Instruments and Methods in Physics Research A},
	Pages = {539},
	Title = {Facility for neutron multiplicity measurements in fission},
	Volume = {516},
	Year = 2004}

@article{Hicks,
	Author = {{Hicks}, D.~A. and {Ise}, J. and {Pyle}, R.~V.},
	Date-Modified = {2017-07-28 15:59:35 +0000},
	Journal = {Physical Review},
	Pages = {564},
	Title = {{Multiplicity of Neutrons from the Spontaneous Fission of Californium-252}},
	Volume = 97,
	Year = 1954}

@article{Boldeman,
	Author = {Boldeman, J.W. and Hines, M.G.},
	Journal = {Nucl. Sci. Eng.},
	Pages = {114},
	Title = {Prompt Neutron Emission Probabilities Following Spontaneous and Thermal Neutron Fission},
	Volume = {91},
	Year = 1985}

@article{Zakharova,
	Author = {Zakharova, V.P. and Basova, B.G. and Rabinovich, A.D. and Korostylev, V.A.},
	Journal = {Soviet Journal of Nuclear Physics},
	Pages = {19},
	Title = {Neutron Yields from Spontaneous Fission of 252Cf},
	Volume = {30},
	Year = 1979}

@article{Schmidt,
	Author = {Schmidt, R. and Henschel, H.},
	Journal = {Nucl. Phys.},
	Pages = {15-28},
	Title = {Comparison of the Spontaneous Fission of 244 Cm and 252 Cf},
	Volume = {A395},
	Year = 1983}
